
@inproceedings{mori2003,
	title = {Recognizing objects in adversarial clutter: Breaking a visual CAPTCHA},
	author = {Mori, Greg and Malik, Jitendra},
	year = {2003},
	date = {2003},
	publisher = {IEEE},
	pages = {I{\textendash}I},
	volume = {1}
}

@inproceedings{mori2003a,
	title = {Recognizing objects in adversarial clutter: Breaking a visual CAPTCHA},
	author = {Mori, Greg and Malik, Jitendra},
	year = {2003},
	date = {2003},
	publisher = {IEEE},
	pages = {I{\textendash}I},
	volume = {1}
}

@inproceedings{chellapilla2005,
	title = {Designing human friendly human interaction proofs (HIPs)},
	author = {Chellapilla, Kumar and Larson, Kevin and Simard, Patrice and Czerwinski, Mary},
	year = {2005},
	month = {04},
	date = {2005-04-02},
	publisher = {Association for Computing Machinery},
	pages = {711{\textendash}720},
	series = {CHI '05},
	doi = {10.1145/1054972.1055070},
	url = {https://doi.org/10.1145/1054972.1055070},
	address = {New York, NY, USA}
}

@article{chellapilla2004,
	title = {Using machine learning to break visual human interaction proofs (HIPs)},
	author = {Chellapilla, Kumar and Simard, Patrice},
	year = {2004},
	date = {2004},
	journal = {Advances in neural information processing systems},
	volume = {17}
}

@article{goodfellow2013,
	title = {Multi-digit number recognition from street view imagery using deep convolutional neural networks},
	author = {Goodfellow, Ian J. and Bulatov, Yaroslav and Ibarz, Julian and Arnoud, Sacha and Shet, Vinay},
	year = {2013},
	date = {2013},
	journal = {arXiv preprint arXiv:1312.6082}
}

@article{lecun2015,
	title = {Deep learning},
	author = {LeCun, Yann and Bengio, Yoshua and Hinton, Geoffrey},
	year = {2015},
	date = {2015},
	journal = {nature},
	pages = {436{\textendash}444},
	volume = {521},
	number = {7553},
	note = {Publisher: Nature Publishing Group}
}

@article{goodfellow2020,
	title = {Generative adversarial networks},
	author = {Goodfellow, Ian and Pouget-Abadie, Jean and Mirza, Mehdi and Xu, Bing and Warde-Farley, David and Ozair, Sherjil and Courville, Aaron and Bengio, Yoshua},
	year = {2020},
	date = {2020},
	journal = {Communications of the ACM},
	pages = {139{\textendash}144},
	volume = {63},
	number = {11},
	note = {Publisher: ACM New York, NY, USA}
}

@article{goodfellow,
	title = {Generative Adversarial Networks},
	author = {Goodfellow, Ian J. and Pouget-Abadie, Jean and Mirza, Mehdi and Xu, Bing and Warde-Farley, David and Ozair, Sherjil and Courville, Aaron and Bengio, Yoshua},
	doi = {10.48550/arXiv.1406.2661}
}

@article{george2017,
	title = {A generative vision model that trains with high data efficiency and breaks text-based CAPTCHAs},
	author = {George, Dileep and Lehrach, Wolfgang and Kansky, Ken and {Lázaro-Gredilla}, Miguel and Laan, Christopher and Marthi, Bhaskara and Lou, Xinghua and Meng, Zhaoshi and Liu, Yi and Wang, Huayan},
	year = {2017},
	date = {2017},
	journal = {Science},
	pages = {eaag2612},
	volume = {358},
	number = {6368},
	note = {Publisher: American Association for the Advancement of Science}
}

@inproceedings{ye2018,
	title = {Yet another text captcha solver: A generative adversarial network based approach},
	author = {Ye, Guixin and Tang, Zhanyong and Fang, Dingyi and Zhu, Zhanxing and Feng, Yansong and Xu, Pengfei and Chen, Xiaojiang and Wang, Zheng},
	year = {2018},
	date = {2018},
	pages = {332{\textendash}348}
}

@article{wang2021,
	title = {Make complex captchas simple: a fast text captcha solver based on a small number of samples},
	author = {Wang, Yao and Wei, Yuliang and Zhang, Mingjin and Liu, Yang and Wang, Bailing},
	year = {2021},
	date = {2021},
	journal = {Information Sciences},
	pages = {181{\textendash}194},
	volume = {578},
	note = {Publisher: Elsevier}
}

@article{xu2020,
	title = {A survey of CAPTCHA technologies to distinguish between human and computer},
	author = {Xu, Xin and Liu, Lei and Li, Bo},
	year = {2020},
	date = {2020},
	journal = {Neurocomputing},
	pages = {292{\textendash}307},
	volume = {408},
	note = {Publisher: Elsevier}
}

@article{yuan2019,
	title = {Adversarial examples: Attacks and defenses for deep learning},
	author = {Yuan, Xiaoyong and He, Pan and Zhu, Qile and Li, Xiaolin},
	year = {2019},
	date = {2019},
	journal = {IEEE transactions on neural networks and learning systems},
	pages = {2805{\textendash}2824},
	volume = {30},
	number = {9},
	note = {Publisher: IEEE}
}

@article{noh2017,
	title = {Regularizing deep neural networks by noise: Its interpretation and optimization},
	author = {Noh, Hyeonwoo and You, Tackgeun and Mun, Jonghwan and Han, Bohyung},
	year = {2017},
	date = {2017},
	journal = {Advances in Neural Information Processing Systems},
	volume = {30}
}

@article{vonahnReCAPTCHAHumanBasedCharacter2008,
	title = {reCAPTCHA: Human-Based Character Recognition via Web Security Measures},
	author = {von Ahn, Luis and Maurer, Benjamin and McMillen, Colin and Abraham, David and Blum, Manuel},
	year = {2008},
	month = {09},
	date = {2008-09-12},
	journal = {Science},
	pages = {1465--1468},
	volume = {321},
	number = {5895},
	doi = {10.1126/science.1160379},
	url = {https://www.science.org/doi/10.1126/science.1160379},
	note = {Citation Key: vonahnReCAPTCHAHumanBasedCharacter2008},
	langid = {en}
}

@book{sutton2018,
	title = {Reinforcement learning: An introduction},
	author = {Sutton, Richard S. and Barto, Andrew G.},
	year = {2018},
	date = {2018},
	publisher = {MIT press}
}

@inproceedings{na2020,
	title = {Deep Generative Positive-Unlabeled Learning under Selection Bias},
	author = {Na, Byeonghu and Kim, Hyemi and Song, Kyungwoo and Joo, Weonyoung and Kim, Yoon-Yeong and Moon, Il-Chul},
	year = {2020},
	month = {10},
	date = {2020-10-19},
	publisher = {Association for Computing Machinery},
	pages = {1155{\textendash}1164},
	series = {CIKM '20},
	doi = {10.1145/3340531.3411971},
	url = {https://doi.org/10.1145/3340531.3411971},
	address = {New York, NY, USA}
}

@book{colosimo2006,
	title = {Análise de sobrevivência aplicada},
	author = {Colosimo, Enrico Antonio and Giolo, Suely Ruiz},
	year = {2006},
	date = {2006},
	publisher = {Editora Blucher}
}

@article{zhou2018,
	title = {A brief introduction to weakly supervised learning},
	author = {Zhou, Zhi-Hua},
	year = {2018},
	date = {2018},
	journal = {National science review},
	pages = {44{\textendash}53},
	volume = {5},
	number = {1},
	note = {Publisher: Oxford University Press}
}

@inbook{turing2009,
	title = {Computing machinery and intelligence},
	author = {Turing, Alan M.},
	year = {2009},
	date = {2009},
	publisher = {Springer},
	pages = {23{\textendash}65}
}

@techreport{vonahnTellingHumansComputers2002,
	title = {Telling humans and computers apart automatically or how lazy cryptographers do AI (Tech. Rep. No. CMU-CS-02-117)},
	author = {von Ahn, L. and Blum, M. and Langford, J.},
	year = {2002},
	date = {2002},
	url = {http://reports-archive.adm.cs.cmu.edu/anon/2002/CMU-CS-02-117.pdf},
	note = {Citation Key: vonahnTellingHumansComputers2002}
}

@misc{inaccess,
	title = {Inaccessibility of CAPTCHA},
	author = {W3C},
	year = {2021},
	url = {https://www.w3.org/TR/turingtest/}
}

@techreport{michener2015,
	title = {Estado brasileiro e transparência avaliando a aplicação da Lei de Acesso à Informação},
	author = {Michener, Gregory and Moncau, Luiz Fernando and Velasco, Rafael Braem},
	year = {2015},
	date = {2015}
}

@article{murray-rust2008,
	title = {Open data in science},
	author = {Murray-Rust, Peter},
	year = {2008},
	date = {2008},
	journal = {Nature Precedings},
	pages = {1{\textendash}1},
	note = {Publisher: Nature Publishing Group}
}

@misc{observat,
	title = {Observatório da insolvência: Rio de Janeiro},
	author = {ABJ},
	year = {2021},
	url = {https://abj.org.br/pesquisas/obsrjrj/}
}

@misc{tempodo,
	title = {Tempo dos processos relacionados à adoção},
	author = {ABJ},
	year = {2014},
	url = {https://abj.org.br/pesquisas/adocao/}
}

@misc{diagnost,
	title = {Diagnóstico do Contencioso Tributário Administrativo},
	author = {ABJ},
	year = {2022},
	url = {https://abj.org.br/pesquisas/bid-tributario/}
}

@misc{diagnosticoABJ,
	title = {Diagnóstico do Contencioso Tributário Administrativo},
	author = {ABJ},
	year = {2022},
	url = {https://abj.org.br/pesquisas/bid-tributario/}
}

@article{zhao2017,
	title = {Web scraping},
	author = {Zhao, Bo},
	year = {2017},
	date = {2017},
	journal = {Encyclopedia of big data},
	pages = {1{\textendash}3},
	url = {https://www.researchgate.net/profile/Bo-Zhao-3/publication/317177787_Web_Scraping/links/5c293f85a6fdccfc7073192f/Web-Scraping.pdf},
	note = {Publisher: Springer Living ed. Cham}
}

@article{zhou2018,
	title = {A brief introduction to weakly supervised learning},
	author = {Zhou, Zhi-Hua},
	year = {2018},
	date = {2018},
	journal = {National science review},
	pages = {44{\textendash}53},
	volume = {5},
	number = {1},
	note = {Publisher: Oxford University Press}
}

@article{zhu2005,
	title = {Semi-supervised learning literature survey},
	author = {Zhu, Xiaojin Jerry},
	year = {2005},
	date = {2005},
	note = {Publisher: University of Wisconsin-Madison Department of Computer Sciences}
}

@article{blum1998,
	title = {A note on learning from multiple-instance examples},
	author = {Blum, Avrim and Kalai, Adam},
	year = {1998},
	date = {1998},
	journal = {Machine learning},
	pages = {23{\textendash}29},
	volume = {30},
	number = {1},
	note = {Publisher: Springer}
}

@article{jin2002,
	title = {Learning with multiple labels},
	author = {Jin, Rong and Ghahramani, Zoubin},
	year = {2002},
	date = {2002},
	journal = {Advances in neural information processing systems},
	volume = {15}
}

@article{lecun1998,
	title = {Gradient-based learning applied to document recognition},
	author = {LeCun, Yann and Bottou, {Léon} and Bengio, Yoshua and Haffner, Patrick},
	year = {1998},
	date = {1998},
	journal = {Proceedings of the IEEE},
	pages = {2278{\textendash}2324},
	volume = {86},
	number = {11},
	note = {Publisher: Ieee}
}

@article{nelder1972,
	title = {Generalized linear models},
	author = {Nelder, John Ashworth and Wedderburn, Robert WM},
	year = {1972},
	date = {1972},
	journal = {Journal of the Royal Statistical Society: Series A (General)},
	pages = {370{\textendash}384},
	volume = {135},
	number = {3},
	note = {Publisher: Wiley Online Library}
}

@article{rameshHierarchicalTextConditionalImage2022,
  title = {Hierarchical {{Text-Conditional Image Generation}} with {{CLIP Latents}}},
  author = {Ramesh, Aditya and Dhariwal, Prafulla and Nichol, Alex and Chu, Casey and Chen, Mark},
  year = {2022},
  month = apr,
  number = {arXiv:2204.06125},
  eprint = {2204.06125},
  eprinttype = {arxiv},
  primaryclass = {cs},
  publisher = {{arXiv}},
  doi = {10.48550/arXiv.2204.06125}
}

@book{kuhn2019,
	title = {Feature engineering and selection: A practical approach for predictive models},
	author = {Kuhn, Max and Johnson, Kjell},
	year = {2019},
	date = {2019},
	publisher = {CRC Press}
}

@article{baldi2013,
	title = {Understanding dropout},
	author = {Baldi, Pierre and Sadowski, Peter J.},
	year = {2013},
	date = {2013},
	journal = {Advances in neural information processing systems},
	volume = {26}
}

@article{galar2011,
	title = {A review on ensembles for the class imbalance problem: bagging-, boosting-, and hybrid-based approaches},
	author = {Galar, Mikel and Fernandez, Alberto and Barrenechea, Edurne and Bustince, Humberto and Herrera, Francisco},
	year = {2011},
	date = {2011},
	journal = {IEEE Transactions on Systems, Man, and Cybernetics, Part C (Applications and Reviews)},
	pages = {463{\textendash}484},
	volume = {42},
	number = {4},
	note = {Publisher: IEEE}
}

@article{kingmaAdamMethodStochastic2017,
  title = {Adam: {{A Method}} for {{Stochastic Optimization}}},
  shorttitle = {Adam},
  author = {Kingma, Diederik P. and Ba, Jimmy},
  year = {2017},
  month = jan,
  number = {arXiv:1412.6980},
  eprint = {1412.6980},
  eprinttype = {arxiv},
  primaryclass = {cs},
  publisher = {{arXiv}},
  doi = {10.48550/arXiv.1412.6980}
}

@inbook{lecun2012,
	title = {Efficient backprop},
	author = {LeCun, Yann A. and Bottou, {Léon} and Orr, Genevieve B. and {Müller}, Klaus-Robert},
	year = {2012},
	date = {2012},
	publisher = {Springer},
	pages = {9{\textendash}48}
}

@article{cour2011,
	title = {Learning from partial labels},
	author = {Cour, Timothee and Sapp, Ben and Taskar, Ben},
	year = {2011},
	date = {2011},
	journal = {The Journal of Machine Learning Research},
	pages = {1501{\textendash}1536},
	volume = {12},
	note = {Publisher: JMLR. org}
}

@article{feng2020,
	title = {Provably consistent partial-label learning},
	author = {Feng, Lei and Lv, Jiaqi and Han, Bo and Xu, Miao and Niu, Gang and Geng, Xin and An, Bo and Sugiyama, Masashi},
	year = {2020},
	date = {2020},
	journal = {Advances in Neural Information Processing Systems},
	pages = {10948{\textendash}10960},
	volume = {33}
}

@inproceedings{grandvalet2002,
	title = {Logistic regression for partial labels},
	author = {Grandvalet, Yves},
	year = {2002},
	date = {2002}
}

@article{hullermeier2006,
	title = {Learning from ambiguously labeled examples},
	author = {{Hüllermeier}, Eyke and Beringer, {Jürgen}},
	year = {2006},
	date = {2006},
	journal = {Intelligent Data Analysis},
	pages = {419{\textendash}439},
	volume = {10},
	number = {5},
	note = {Publisher: IOS Press}
}

@article{liu2012,
	title = {A conditional multinomial mixture model for superset label learning},
	author = {Liu, Liping and Dietterich, Thomas},
	year = {2012},
	date = {2012},
	journal = {Advances in neural information processing systems},
	volume = {25}
}

@article{ishida2017,
	title = {Learning from complementary labels},
	author = {Ishida, Takashi and Niu, Gang and Hu, Weihua and Sugiyama, Masashi},
	year = {2017},
	date = {2017},
	journal = {Advances in neural information processing systems},
	volume = {30}
}

@article{magick,
	title = {magick: Advanced Graphics and Image-Processing in R},
	author = {Ooms, Jeroen},
	year = {2021},
	date = {2021},
	url = {https://CRAN.R-project.org/package=magick}
}

@inproceedings{yu2018,
	title = {Learning with biased complementary labels},
	author = {Yu, Xiyu and Liu, Tongliang and Gong, Mingming and Tao, Dacheng},
	year = {2018},
	date = {2018},
	pages = {68{\textendash}83}
}

@inproceedings{feng2020a,
	title = {Learning with multiple complementary labels},
	author = {Feng, Lei and Kaneko, Takuo and Han, Bo and Niu, Gang and An, Bo and Sugiyama, Masashi},
	year = {2020},
	date = {2020},
	publisher = {PMLR},
	pages = {3072{\textendash}3081}
}

@article{xml2,
	title = {xml2: Parse XML},
	author = {Wickham, Hadley and Hester, Jim and Ooms, Jeroen},
	year = {2021},
	date = {2021},
	url = {https://CRAN.R-project.org/package=xml2}
}

@article{stringr,
	title = {stringr: Simple, Consistent Wrappers for Common String Operations},
	author = {Wickham, Hadley},
	year = {2022},
	date = {2022},
	url = {https://CRAN.R-project.org/package=stringr}
}

@article{rvest,
	title = {rvest: Easily Harvest (Scrape) Web Pages},
	author = {Wickham, Hadley},
	year = {2022},
	date = {2022},
	url = {https://CRAN.R-project.org/package=rvest}
}

@article{kaur2014,
	title = {Captcha and Its Techniques: A Review},
	author = {Kaur, Kiranjot and Behal, Sunny},
	year = {2014},
	month = {01},
	date = {2014-01-01},
	journal = {International Journal of Computer Science and Information Technologies,},
	volume = {5}
}

@article{li2014,
	title = {Multivariate binomial/multinomial control chart},
	author = {Li, Jian and Tsung, Fugee and Zou, Changliang},
	year = {2014},
	date = {2014},
	journal = {IIE Transactions},
	pages = {526{\textendash}542},
	volume = {46},
	number = {5},
	note = {Publisher: Taylor & Francis}
}

@inproceedings{ioffe2015,
	title = {Batch normalization: Accelerating deep network training by reducing internal covariate shift},
	author = {Ioffe, Sergey and Szegedy, Christian},
	year = {2015},
	date = {2015},
	publisher = {PMLR},
	pages = {448{\textendash}456}
}

@article{torch,
	title = {torch: Tensors and Neural Networks with 'GPU' Acceleration},
	author = {Falbel, Daniel and Luraschi, Javier},
	year = {2022},
	date = {2022},
	url = {https://CRAN.R-project.org/package=torch}
}

@article{luz,
	title = {luz: Higher Level 'API' for 'torch'},
	author = {Falbel, Daniel},
	year = {2022},
	date = {2022},
	url = {https://CRAN.R-project.org/package=luz}
}

@article{torchvision,
	title = {torchvision: Models, Datasets and Transformations for Images},
	author = {Falbel, Daniel},
	year = {2022},
	date = {2022},
	url = {https://CRAN.R-project.org/package=torchvision}
}

@Manual{rcran,
  title = {R: A Language and Environment for Statistical Computing},
  author = {{R Core Team}},
  organization = {R Foundation for Statistical Computing},
  address = {Vienna, Austria},
  year = {2021},
  url = {https://www.R-project.org/},
}

@book{kuhn2019,
	title = {Feature engineering and selection: A practical approach for predictive models},
	author = {Kuhn, Max and Johnson, Kjell},
	year = {2019},
	date = {2019},
	publisher = {CRC Press}
}

@article{tensorflow,
	title = {tensorflow: R Interface to 'TensorFlow'},
	author = {Allaire, JJ and Tang, Yuan},
	year = {2022},
	date = {2022},
	url = {https://CRAN.R-project.org/package=tensorflow}
}

@article{decryptr,
	title = {decryptr: An extensible API for breaking captchas},
	author = {Trecenti, Julio and Lente, Caio and Falbel, Daniel and Farhat, Milene and Vianna, Beatriz and Angelica, Evelin},
	year = {2022},
	date = {2022}
}

@article{reticulate,
	title = {reticulate: Interface to 'Python'},
	author = {Ushey, Kevin and Allaire, JJ and Tang, Yuan},
	year = {2022},
	date = {2022},
	url = {https://CRAN.R-project.org/package=reticulate}
}

@article{piggyback,
	title = {piggyback: Managing Larger Data on a GitHub Repository},
	author = {Boettiger, Carl and Ho, Tan},
	year = {2022},
	date = {2022},
	url = {https://CRAN.R-project.org/package=piggyback}
}

@article{usethis,
	title = {usethis: Automate Package and Project Setup},
	author = {Wickham, Hadley and Bryan, Jennifer and Barrett, Malcolm},
	year = {2022},
	date = {2022},
	url = {https://CRAN.R-project.org/package=usethis}
}

@article{ramesh,
  title = {Hierarchical {{Text-Conditional Image Generation}} with {{CLIP Latents}}},
  author = {Ramesh, Aditya and Dhariwal, Prafulla and Nichol, Alex and Chu, Casey and Chen, Mark},
  year = {2022},
  month = apr,
  number = {arXiv:2204.06125},
  eprint = {2204.06125},
  eprinttype = {arxiv},
  primaryclass = {cs},
  publisher = {{arXiv}},
  doi = {10.48550/arXiv.2204.06125}
}

@inproceedings{murray2012,
	title = {AVA: A large-scale database for aesthetic visual analysis},
	author = {Murray, Naila and Marchesotti, Luca and Perronnin, Florent},
	year = {2012},
	date = {2012},
	publisher = {IEEE},
	pages = {2408{\textendash}2415}
}
